// Hash functions
@article{preneel1994cryptographic,
  title     = {Cryptographic hash functions},
  author    = {Preneel, Bart},
  journal   = {European Transactions on Telecommunications},
  volume    = {5},
  number    = {4},
  pages     = {431--448},
  year      = {1994},
  publisher = {Wiley Online Library}
}

@inproceedings{damgaard1989design,
  title        = {A design principle for hash functions},
  author       = {Damg{\aa}rd, Ivan Bjerre},
  booktitle    = {Conference on the Theory and Application of Cryptology},
  pages        = {416--427},
  year         = {1989},
  organization = {Springer}
}

@phdthesis{preneel1993analysis,
  title={Analysis and design of cryptographic hash functions},
  author={Preneel, Bart},
  year={1993},
  school={Citeseer}
}

@misc{guido2011cryptographic,
  title     = {Cryptographic sponge functions},
  author    = {Guido, Bertoni and Joan, Daemen and Micha{\"e}l, P and Gilles, VA},
  year      = {2011},
  publisher = {Citeseer}
}

@article{shannon1949communication,
  title={Communication theory of secrecy systems},
  author={Shannon, Claude E},
  journal={The Bell system technical journal},
  volume={28},
  number={4},
  pages={656--715},
  year={1949},
  publisher={Nokia Bell Labs}
}

@article{feistel1973cryptography,
  title={Cryptography and computer privacy},
  author={Feistel, Horst},
  journal={Scientific american},
  volume={228},
  number={5},
  pages={15--23},
  year={1973},
  publisher={JSTOR}
}

@incollection{knudsen1999block,
  title={Block Ciphers—a survey},
  author={Knudsen, Lars R},
  booktitle={State of the Art in Applied Cryptography: Course on Computer Security and Industrial Cryptography Leuven, Belgium, June 3--6, 1997 Revised Lectures},
  pages={18--48},
  year={1999},
  publisher={Springer}
}

@inproceedings{10.1007/BFb0034838,
	address = {Berlin, Heidelberg},
	author = {Nyberg, Kaisa},
	booktitle = {Advances in Cryptology --- ASIACRYPT '96},
	editor = {Kim, Kwangjo and Matsumoto, Tsutomu},
	pages = {91--104},
	publisher = {Springer Berlin Heidelberg},
	title = {Generalized Feistel networks},
	year = {1996}
}

@misc{cryptoeprint:2017/1050,
      author = {Sean Bowe and Ariel Gabizon and Ian Miers},
      title = {Scalable Multi-party Computation for zk-SNARK Parameters in the Random Beacon Model},
      howpublished = {Cryptology ePrint Archive, Paper 2017/1050},
      year = {2017},
      note = {\url{https://eprint.iacr.org/2017/1050}},
      url = {https://eprint.iacr.org/2017/1050}
}


// Zero knowledge
@inproceedings{goldwasser1985knowledge,
author = {Goldwasser, S and Micali, S and Rackoff, C},
title = {The knowledge complexity of interactive proof-systems},
year = {1985},
isbn = {0897911512},
publisher = {Association for Computing Machinery},
address = {New York, NY, USA},
url = {https://doi.org/10.1145/22145.22178},
doi = {10.1145/22145.22178},
booktitle = {Proceedings of the Seventeenth Annual ACM Symposium on Theory of Computing},
pages = {291–304},
numpages = {14},
location = {Providence, Rhode Island, USA},
series = {STOC '85}
}

@phdthesis{fortnow1989complexity,
  title={Complexity-theoretic aspects of interactive proof systems},
  author={Fortnow, Lance Jeremy},
  year={1989},
  school={Citeseer}
}

@article{berentsen2023introduction,
  title     = {An introduction to zero-knowledge proofs in blockchains and economics},
  author    = {Berentsen, Aleksander and Lenzi, Jeremias and Nyffenegger, Remo},
  journal   = {Federal Reserve Bank of St. Louis Review},
  volume    = {105},
  number    = {4},
  pages     = {280--294},
  year      = {2023},
  publisher = {Federal Reserve Bank of St. Louis}
}

@article{goldreich1994definitions,
  title     = {Definitions and properties of zero-knowledge proof systems},
  author    = {Goldreich, Oded and Oren, Yair},
  journal   = {Journal of Cryptology},
  volume    = {7},
  number    = {1},
  pages     = {1--32},
  year      = {1994},
  publisher = {Springer}
}

@inproceedings{cramer1998zero,
  title        = {Zero-knowledge proofs for finite field arithmetic, or: Can zero-knowledge be for free?},
  author       = {Cramer, Ronald and Damg{\aa}rd, Ivan},
  booktitle    = {Advances in Cryptology—CRYPTO'98: 18th Annual International Cryptology Conference Santa Barbara, California, USA August 23--27, 1998 Proceedings 18},
  pages        = {424--441},
  year         = {1998},
  organization = {Springer}
}

@article{nitulescu2020zk,
  title   = {zk-SNARKs: a gentle introduction},
  author  = {Nitulescu, Anca},
  journal = {Ecole Normale Superieure},
  year    = {2020}
}

@phdthesis{couteau2017zero,
  title={Zero-knowledge proofs for secure computation},
  author={Couteau, Geoffroy},
  year={2017},
  school={Universit{\'e} Paris sciences et lettres}
}

@article{goldreich1998secure,
  title={Secure multi-party computation},
  author={Goldreich, Oded},
  journal={Manuscript. Preliminary version},
  volume={78},
  number={110},
  pages={1--108},
  year={1998},
  publisher={Citeseer}
}

// PLONK
@article{gabizon2019plonk,
  title={Plonk: Permutations over lagrange-bases for oecumenical noninteractive arguments of knowledge},
  author={Gabizon, Ariel and Williamson, Zachary J and Ciobotaru, Oana},
  journal={Cryptology ePrint Archive},
  year={2019}
}

@article{10.1145/322217.322225, 
  author = {Schwartz, J. T.}, 
  title = {Fast Probabilistic Algorithms for Verification of Polynomial Identities}, 
  year = {1980}, 
  issue_date = {Oct. 1980}, 
  publisher = {Association for Computing Machinery}, 
  address = {New York, NY, USA}, 
  volume = {27}, number = {4}, 
  issn = {0004-5411}, 
  url = {https://doi.org/10.1145/322217.322225}, 
  doi = {10.1145/322217.322225}, 
  journal = {J. ACM}, 
  month = {oct}, 
  pages = {701–717}, 
  numpages = {17} 
}

@inproceedings{zippel1979probabilistic,
  title={Probabilistic algorithms for sparse polynomials},
  author={Zippel, Richard},
  booktitle={International symposium on symbolic and algebraic manipulation},
  pages={216--226},
  year={1979},
  organization={Springer}
}


@inproceedings{10.1007/978-3-642-17373-8_11,
	address = {Berlin, Heidelberg},
	author = {Kate, Aniket and Zaverucha, Gregory M. and Goldberg, Ian},
	booktitle = {Advances in Cryptology - ASIACRYPT 2010},
	editor = {Abe, Masayuki},
	pages = {177--194},
	publisher = {Springer Berlin Heidelberg},
	title = {Constant-Size Commitments to Polynomials and Their Applications},
	year = {2010}
}

//Zk friendly hashes
@article{barbara2021reinforced,
  title   = {Reinforced Concrete: Fast Hash Function for Zero Knowledge Proofs and Verifiable Computation.},
  author  = {Barbara, Mario and Grassi, Lorenzo and Khovratovich, Dmitry and L{\"u}ftenegger, Reinhard and Rechberger, Christian and Schofnegger, Markus and Walch, Roman and Graz, T},
  journal = {IACR Cryptol. ePrint Arch.},
  volume  = {2021},
  pages   = {1038},
  year    = {2021}
}

@inproceedings{ben2014succinct,
  title     = {Succinct $\{$Non-Interactive$\}$ zero knowledge for a von neumann architecture},
  author    = {Ben-Sasson, Eli and Chiesa, Alessandro and Tromer, Eran and Virza, Madars},
  booktitle = {23rd USENIX Security Symposium (USENIX Security 14)},
  pages     = {781--796},
  year      = {2014}
}

@article{ben2018scalable,
  title   = {Scalable, transparent, and post-quantum secure computational integrity},
  author  = {Ben-Sasson, Eli and Bentov, Iddo and Horesh, Yinon and Riabzev, Michael},
  journal = {Cryptology ePrint Archive},
  year    = {2018}
}

@inproceedings{albrecht2016mimc,
  title        = {MiMC: Efficient encryption and cryptographic hashing with minimal multiplicative complexity},
  author       = {Albrecht, Martin and Grassi, Lorenzo and Rechberger, Christian and Roy, Arnab and Tiessen, Tyge},
  booktitle    = {International Conference on the Theory and Application of Cryptology and Information Security},
  pages        = {191--219},
  year         = {2016},
  organization = {Springer}
}

@inproceedings{grassi2021poseidon,
  title     = {Poseidon: A new hash function for $\{$Zero-Knowledge$\}$ proof systems},
  author    = {Grassi, Lorenzo and Khovratovich, Dmitry and Rechberger, Christian and Roy, Arnab and Schofnegger, Markus},
  booktitle = {30th USENIX Security Symposium (USENIX Security 21)},
  pages     = {519--535},
  year      = {2021}
}

@inproceedings{grassi2023poseidon2,
  title        = {Poseidon2: A faster version of the poseidon hash function},
  author       = {Grassi, Lorenzo and Khovratovich, Dmitry and Schofnegger, Markus},
  booktitle    = {International Conference on Cryptology in Africa},
  pages        = {177--203},
  year         = {2023},
  organization = {Springer}
}

// rescue
@article{aly2020design,
  title   = {Design of symmetric-key primitives for advanced cryptographic protocols},
  author  = {Aly, Abdelrahaman and Ashur, Tomer and Ben-Sasson, Eli and Dhooghe, Siemen and Szepieniec, Alan},
  journal = {IACR Transactions on Symmetric Cryptology},
  pages   = {1--45},
  year    = {2020}
}

@article{szepieniec2020rescue,
  title   = {Rescue-prime: a standard specification (SoK)},
  author  = {Szepieniec, Alan and Ashur, Tomer and Dhooghe, Siemen},
  journal = {Cryptology ePrint Archive},
  year    = {2020}
}

@article{ashur2022rescue,
  title   = {Rescue-prime optimized},
  author  = {Ashur, Tomer and Kindi, Al and Meier, Willi and Szepieniec, Alan and Threadbare, Bobbin},
  journal = {Cryptology ePrint Archive},
  year    = {2022}
}

@article{grassi2022horst,
  title={Horst meets fluid-SPN: griffin for zero-knowledge applications},
  author={Grassi, Lorenzo and Hao, Yonglin and Rechberger, Christian and Schofnegger, Markus and Walch, Roman and Wang, Qingju},
  journal={Cryptology ePrint Archive},
  year={2022}
}

@inproceedings{bouvier2023new,
  title        = {New design techniques for efficient arithmetization-oriented hash functions: anemoi permutations and jive compression mode},
  author       = {Bouvier, Cl{\'e}mence and Briaud, Pierre and Chaidos, Pyrros and Perrin, L{\'e}o and Salen, Robin and Velichkov, Vesselin and Willems, Danny},
  booktitle    = {Annual International Cryptology Conference},
  pages        = {507--539},
  year         = {2023},
  organization = {Springer}
}

@article{roy2023arion,
  title   = {Arion: Arithmetization-oriented permutation and hashing from generalized triangular dynamical systems},
  author  = {Roy, Arnab and Steiner, Matthias Johann and Trevisani, Stefano},
  journal = {arXiv preprint arXiv:2303.04639},
  year    = {2023}
}

// matrix * vector
@article{duval2018mds,
  title={MDS matrices with lightweight circuits},
  author={Duval, S{\'e}bastien and Leurent, Ga{\"e}tan},
  journal={IACR Transactions on Symmetric Cryptology},
  volume={2018},
  number={2},
  pages={48--78},
  year={2018}
}

// sponge modification
@article{hirose2018sequential,
  title={Sequential hashing with minimum padding},
  author={Hirose, Shoichi},
  journal={Cryptography},
  volume={2},
  number={2},
  pages={11},
  year={2018},
  publisher={MDPI}
}

@book{berners2020bad,
  title={How bad are bananas?: the carbon footprint of everything},
  author={Berners-Lee, Mike},
  year={2020},
  publisher={Profile Books}
}

@article{boblecture,
  title={Lecture 14: Schwartz-Zippel Lemma and Intro to Coding Theory},
  author={Bob, Alice}
}

@article{roy2022generalized,
  title={Generalized triangular dynamical system: An algebraic system for constructing cryptographic permutations over finite fields},
  author={Roy, Arnab and Steiner, Matthias Johann},
  journal={arXiv preprint arXiv:2204.01802},
  year={2022}
}

@inbook{10.1145/3335741.3335757,
author = {Blum, Manuel and Feldman, Paul and Micali, Silvio},
title = {Non-interactive zero-knowledge and its applications},
year = {2019},
isbn = {9781450372664},
publisher = {Association for Computing Machinery},
address = {New York, NY, USA},
url = {https://doi.org/10.1145/3335741.3335757},
booktitle = {Providing Sound Foundations for Cryptography: On the Work of Shafi Goldwasser and Silvio Micali},
pages = {329–349},
numpages = {21}
}

@article{daepp2011fermat,
  title={Fermat’s little theorem},
  author={Daepp, Ulrich and Gorkin, Pamela and Daepp, Ulrich and Gorkin, Pamela},
  journal={Reading, Writing, and Proving: A Closer Look at Mathematics},
  pages={315--323},
  year={2011},
  publisher={Springer}
}

@inproceedings{10.1007/978-3-030-03326-2_20,
	address = {Cham},
	author = {Bootle, Jonathan and Cerulli, Andrea and Groth, Jens and Jakobsen, Sune and Maller, Mary},
	booktitle = {Advances in Cryptology -- ASIACRYPT 2018},
	editor = {Peyrin, Thomas and Galbraith, Steven},
	pages = {595--626},
	publisher = {Springer International Publishing},
	title = {Arya: Nearly Linear-Time Zero-Knowledge Proofs for Correct Program Execution},
	year = {2018}
}

@misc{cryptoeprint:2022/1763,
      author = {Liam Eagen and Dario Fiore and Ariel Gabizon},
      title = {cq: Cached quotients for fast lookups},
      howpublished = {Cryptology ePrint Archive, Paper 2022/1763},
      year = {2022},
      note = {\url{https://eprint.iacr.org/2022/1763}},
      url = {https://eprint.iacr.org/2022/1763}
}

@misc{cryptoeprint:2022/957,
      author = {Jim Posen and Assimakis A. Kattis},
      title = {Caulk+: Table-independent lookup arguments},
      howpublished = {Cryptology ePrint Archive, Paper 2022/957},
      year = {2022},
      note = {\url{https://eprint.iacr.org/2022/957}},
      url = {https://eprint.iacr.org/2022/957}
}

@inproceedings{10.1145/3548606.3560646,
author = {Zapico, Arantxa and Buterin, Vitalik and Khovratovich, Dmitry and Maller, Mary and Nitulescu, Anca and Simkin, Mark},
title = {Caulk: Lookup Arguments in Sublinear Time},
year = {2022},
isbn = {9781450394505},
publisher = {Association for Computing Machinery},
address = {New York, NY, USA},
url = {https://doi.org/10.1145/3548606.3560646},
doi = {10.1145/3548606.3560646},
booktitle = {Proceedings of the 2022 ACM SIGSAC Conference on Computer and Communications Security},
pages = {3121–3134},
numpages = {14},
keywords = {zero-knowledge, vector commitments, lookup arguments},
location = {Los Angeles, CA, USA},
series = {CCS '22}
}

@misc{cryptoeprint:2022/1565,
      author = {Arantxa Zapico and Ariel Gabizon and Dmitry Khovratovich and Mary Maller and Carla Ràfols},
      title = {Baloo: Nearly Optimal Lookup Arguments},
      howpublished = {Cryptology ePrint Archive, Paper 2022/1565},
      year = {2022},
      note = {\url{https://eprint.iacr.org/2022/1565}},
      url = {https://eprint.iacr.org/2022/1565}
}

@misc{cryptoeprint:2021/1038,
      author = {Lorenzo Grassi and Dmitry Khovratovich and Reinhard Lüftenegger and Christian Rechberger and Markus Schofnegger and Roman Walch},
      title = {Reinforced Concrete: A Fast Hash Function for Verifiable Computation},
      howpublished = {Cryptology ePrint Archive, Paper 2021/1038},
      year = {2021},
      doi = {10.1145/3548606.3560686},
      note = {\url{https://eprint.iacr.org/2021/1038}},
      url = {https://eprint.iacr.org/2021/1038}
}

@misc{cryptoeprint:2023/1025,
      author = {Lorenzo Grassi and Dmitry Khovratovich and Reinhard Lüftenegger and Christian Rechberger and Markus Schofnegger and Roman Walch},
      title = {Monolith: Circuit-Friendly Hash Functions with New Nonlinear Layers for Fast and Constant-Time Implementations},
      howpublished = {Cryptology ePrint Archive, Paper 2023/1025},
      year = {2023},
      note = {\url{https://eprint.iacr.org/2023/1025}},
      url = {https://eprint.iacr.org/2023/1025}
}


@inproceedings{10.1007/978-3-030-45724-2_23,
	address = {Cham},
	author = {Grassi, Lorenzo and L{\"u}ftenegger, Reinhard and Rechberger, Christian and Rotaru, Dragos and Schofnegger, Markus},
	booktitle = {Advances in Cryptology -- EUROCRYPT 2020},
	editor = {Canteaut, Anne and Ishai, Yuval},
	pages = {674--704},
	publisher = {Springer International Publishing},
	title = {On a Generalization of Substitution-Permutation Networks: The HADES Design Strategy},
	year = {2020}
}

@misc{cryptoeprint:2019/397,
      author = {Martin R.  Albrecht and Lorenzo Grassi and Leo Perrin and Sebastian Ramacher and Christian Rechberger and Dragos Rotaru and Arnab Roy and Markus Schofnegger},
      title = {Feistel Structures for MPC, and More},
      howpublished = {Cryptology ePrint Archive, Paper 2019/397},
      year = {2019},
      note = {\url{https://eprint.iacr.org/2019/397}},
      url = {https://eprint.iacr.org/2019/397}
}